<?xml version="1.0" encoding="UTF-8"?><record xmlns="http://www.loc.gov/MARC21/slim" xmlns:cinclude="http://apache.org/cocoon/include/1.0" xmlns:zs="http://www.loc.gov/zing/srw/">
  <leader>00403nz  a2200145n  4500</leader>
  <controlfield tag="001">no2005044999</controlfield>
  <controlfield tag="003">DLC</controlfield>
  <controlfield tag="005">20050513051757.0</controlfield>
  <controlfield tag="008">050512n| acannaabn          |a aaa     c</controlfield>
  <datafield tag="010" ind1=" " ind2=" ">
    <subfield code="a">no2005044999</subfield>
  </datafield>
  <datafield tag="035" ind1=" " ind2=" ">
    <subfield code="a">(OCoLC)oca06631577</subfield>
  </datafield>
  <datafield tag="040" ind1=" " ind2=" ">
    <subfield code="a">SaPrUP</subfield>
    <subfield code="b">eng</subfield>
    <subfield code="c">SaPrUP</subfield>
  </datafield>
  <datafield tag="100" ind1="1" ind2=" ">
    <subfield code="a">Leary-Joyce, Judith</subfield>
  </datafield>
  <datafield tag="400" ind1="1" ind2=" ">
    <subfield code="a">Joyce, Judith Leary-</subfield>
  </datafield>
  <datafield tag="670" ind1=" " ind2=" ">
    <subfield code="a">Becoming an employer of choice, 2004:</subfield>
    <subfield code="b">t.p. (Judith Leary-Joyce)</subfield>
  </datafield>
</record>